<record><leader>00000cas a2200000 i 4500</leader><controlfield tag="001">999349652</controlfield><controlfield tag="008">170803d18481851inuwr ne      0    0eng c</controlfield><datafield ind1=" " ind2=" " tag="010"><subfield code="a">  2017238407</subfield></datafield><datafield ind1=" " ind2=" " tag="040"><subfield code="a">IUL</subfield><subfield code="b">eng</subfield><subfield code="e">rda</subfield><subfield code="c">IUL</subfield><subfield code="d">IUL</subfield><subfield code="d">OCLCF</subfield></datafield><datafield ind1=" " ind2=" " tag="042"><subfield code="a">pcc</subfield></datafield><datafield ind1=" " ind2=" " tag="043"><subfield code="a">n-us-in</subfield></datafield><datafield ind1="0" ind2=" " tag="130"><subfield code="a">Indiana palladium (Vevay, Ind. : 1848)</subfield></datafield><datafield ind1="1" ind2="4" tag="245"><subfield code="a">The Indiana palladium.</subfield></datafield><datafield ind1=" " ind2="1" tag="264"><subfield code="a">Vevay, Indiana :</subfield><subfield code="b">Caleb S. Horton,</subfield><subfield code="c">1843-1851.</subfield></datafield><datafield ind1=" " ind2=" " tag="300"><subfield code="a">3 volumes :</subfield><subfield code="b">illustrations (chiefly advertisements) ;</subfield><subfield code="c">54 cm</subfield></datafield><datafield ind1=" " ind2=" " tag="310"><subfield code="a">Weekly</subfield></datafield><datafield ind1=" " ind2=" " tag="336"><subfield code="a">text</subfield><subfield code="b">txt</subfield><subfield code="2">rdacontent</subfield></datafield><datafield ind1=" " ind2=" " tag="337"><subfield code="a">unmediated</subfield><subfield code="b">n</subfield><subfield code="2">rdamedia</subfield></datafield><datafield ind1=" " ind2=" " tag="338"><subfield code="a">volume</subfield><subfield code="b">nc</subfield><subfield code="2">rdacarrier</subfield></datafield><datafield ind1="0" ind2=" " tag="362"><subfield code="a">Vol. VI, no. 26 (November 15, 1848)-vol. VIII, no. 52 (June 5, 1851).</subfield></datafield><datafield ind1=" " ind2=" " tag="500"><subfield code="a">Title from masthead.</subfield></datafield><datafield ind1=" " ind2=" " tag="500"><subfield code="a">Subtitle: "The diffusion of information and arraignment of all abuses at the bar of public reason."</subfield></datafield><datafield ind1=" " ind2=" " tag="500"><subfield code="a">Started as a Democratic paper; became Independent in 1845 in an attempt to attract new readers. When after a few months the experiment failed, the paper once again became Democratic Cf. Miller, John W. Indiana newspaper bibliog.</subfield></datafield><datafield ind1=" " ind2="0" tag="651"><subfield code="a">Vevay (Ind.)</subfield><subfield code="v">Newspapers.</subfield></datafield><datafield ind1=" " ind2="0" tag="651"><subfield code="a">Switzerland County (Ind.)</subfield><subfield code="v">Newspapers.</subfield></datafield><datafield ind1=" " ind2="7" tag="651"><subfield code="a">Indiana</subfield><subfield code="z">Switzerland County.</subfield><subfield code="2">fast</subfield><subfield code="0">(OCoLC)fst01228481</subfield></datafield><datafield ind1=" " ind2="7" tag="651"><subfield code="a">Indiana</subfield><subfield code="z">Vevay.</subfield><subfield code="2">fast</subfield><subfield code="0">(OCoLC)fst01257089</subfield></datafield><datafield ind1=" " ind2="7" tag="655"><subfield code="a">Newspapers.</subfield><subfield code="2">fast</subfield><subfield code="0">(OCoLC)fst01423814</subfield></datafield><datafield ind1=" " ind2=" " tag="752"><subfield code="a">United States</subfield><subfield code="b">Indiana</subfield><subfield code="c">Switzerland</subfield><subfield code="d">Vevay.</subfield></datafield><datafield ind1="0" ind2="0" tag="780"><subfield code="t">Campaign palladium</subfield><subfield code="w">(DLC)  2017238406</subfield><subfield code="w">(OCoLC)999350133</subfield></datafield><datafield ind1="0" ind2="0" tag="785"><subfield code="t">Ohio Valley gazette</subfield><subfield code="w">(DLC)sn 82015656</subfield><subfield code="w">(OCoLC)8807821</subfield></datafield><datafield ind1="4" ind2="1" tag="856"><subfield code="u">https://access.newspaperarchive.com/us/indiana/vevay/vevay-indiana-palladium/</subfield></datafield></record>